<?xml version="1.0" encoding="UTF-8"?>
<record xmlns="http://www.loc.gov/MARC21/slim" xmlns:xsi="http://www.w3.org/2001/XMLSchema-instance" xsi:schemaLocation="http://www.loc.gov/MARC21/slim http://www.loc.gov/standards/marcxml/schema/MARC21slim.xsd">
<leader>00000cam a22      a 4500</leader>
<controlfield tag="001">001677124</controlfield>
<controlfield tag="003">NNU</controlfield>
<controlfield tag="005">20150127190605.0</controlfield>
<controlfield tag="008">890508s1969    ir acf   b    000 0darar</controlfield>
<datafield tag="010" ind1=" " ind2=" ">
<subfield code="a">   71268618</subfield>
</datafield>
<datafield tag="016" ind1=" " ind2=" ">
<subfield code="a">20030148375</subfield>
</datafield>
<datafield tag="035" ind1=" " ind2=" ">
<subfield code="a">(OCoLC)23492118</subfield>
</datafield>
<datafield tag="040" ind1=" " ind2=" ">
<subfield code="a">DLC</subfield>
<subfield code="b">eng</subfield>
<subfield code="c">EYM</subfield>
<subfield code="d">OCL</subfield>
<subfield code="d">OCLCQ</subfield>
<subfield code="d">NLC</subfield>
<subfield code="d">OCLCQ</subfield>
<subfield code="d">IXA</subfield>
<subfield code="d">OCLCA</subfield>
<subfield code="d">STF</subfield>
<subfield code="d">OCLCA</subfield>
<subfield code="d">OCLCQ</subfield>
<subfield code="d">OCLCO</subfield>
<subfield code="d">OCLCF</subfield>
<subfield code="d">OCLCO</subfield>
<subfield code="d">NNU</subfield>
</datafield>
<datafield tag="041" ind1="0" ind2=" ">
<subfield code="a">ara</subfield>
<subfield code="b">engper</subfield>
</datafield>
<datafield tag="050" ind1=" " ind2="4">
<subfield code="a">B753</subfield>
<subfield code="b">.S2 1969</subfield>
</datafield>
<datafield tag="055" ind1="0" ind2="1">
<subfield code="a">B753</subfield>
</datafield>
<datafield tag="100" ind1="1" ind2=" ">
<subfield code="6">880-01</subfield>
<subfield code="a">Sabzavārī, Hādī ibn Mahdī,</subfield>
<subfield code="d">1797 or 1798-</subfield>
</datafield>
<datafield tag="245" ind1="1" ind2="0">
<subfield code="6">880-02</subfield>
<subfield code="a">Sharḥ-i Ghurar al-farāʼid maʻrūf bih Sharḥ-i Manẓūmah-ʼi Ḥikmat, qismat-i umūr-i ʻāmmah va jawhar-i ʻarūz̤ /</subfield>
<subfield code="c">Hādī Sabzavārī ; bi-taṣḥīḥ va muqaddimah va taʻlīqāt-i Mahdī Muḥaqqiq va Tūshī Hīkū Īzūtsū.</subfield>
</datafield>
<datafield tag="246" ind1="3" ind2=" ">
<subfield code="6">880-03</subfield>
<subfield code="a">Sharḥ-i Manẓūmah-ʼi ḥikmat</subfield>
</datafield>
<datafield tag="246" ind1="3" ind2=" ">
<subfield code="6">880-04</subfield>
<subfield code="a">Sharḥ Ghurar al-farāʼid</subfield>
</datafield>
<datafield tag="246" ind1="3" ind2=" ">
<subfield code="6">880-05</subfield>
<subfield code="a">Ghurar al-farāʼid</subfield>
</datafield>
<datafield tag="260" ind1=" " ind2=" ">
<subfield code="6">880-06</subfield>
<subfield code="a">Tihrān :</subfield>
<subfield code="b">Dānishgāh-i MakGīl, Muntriāl, Muʼassasah-ʼi Muṭālaʻāt-i Islāmī, Shuʻbah-ʼi Tihrān,</subfield>
<subfield code="c">1969.</subfield>
</datafield>
<datafield tag="300" ind1=" " ind2=" ">
<subfield code="a">46, 679, 152 pages, [2] pages of plates :</subfield>
<subfield code="b">illustrations, portrait ;</subfield>
<subfield code="c">25 cm.</subfield>
</datafield>
<datafield tag="336" ind1=" " ind2=" ">
<subfield code="a">text</subfield>
<subfield code="b">txt</subfield>
<subfield code="2">rdacontent</subfield>
</datafield>
<datafield tag="337" ind1=" " ind2=" ">
<subfield code="a">unmediated</subfield>
<subfield code="b">n</subfield>
<subfield code="2">rdamedia</subfield>
</datafield>
<datafield tag="338" ind1=" " ind2=" ">
<subfield code="a">volume</subfield>
<subfield code="b">nc</subfield>
<subfield code="2">rdacarrier</subfield>
</datafield>
<datafield tag="490" ind1="1" ind2=" ">
<subfield code="6">880-07</subfield>
<subfield code="a">Silsilah-ʼi dānish-i Īrānī ;</subfield>
<subfield code="v">1</subfield>
</datafield>
<datafield tag="500" ind1=" " ind2=" ">
<subfield code="a">Title on added t.p.: Sharh-i Ghurar al-faraʼid; or, Sharh-i Manzumah; pt. 1: metaphysics/H.M.H. Sabzawari.</subfield>
</datafield>
<datafield tag="500" ind1=" " ind2=" ">
<subfield code="a">"Yādbūd-i yakṣadumīn sāl-i darguz̤asht-i Sabzavārī."</subfield>
</datafield>
<datafield tag="500" ind1=" " ind2=" ">
<subfield code="a">Text in Arabic; introductory matter in English and Persian.</subfield>
</datafield>
<datafield tag="504" ind1=" " ind2=" ">
<subfield code="a">Includes bibliographical references.</subfield>
</datafield>
<datafield tag="505" ind1="0" ind2=" ">
<subfield code="a">Ghurar al-faraʼid -- Sharḥ-i Ghurar al-farāʼid -- Ḥavāshī va-taʻlīqāt-i Sabzavārī, Hīdajī, Āmulī -- Farhang-i iṣṭilāhāt va taʻbīrāt.</subfield>
</datafield>
<datafield tag="650" ind1=" " ind2="0">
<subfield code="a">Islamic philosophy</subfield>
<subfield code="v">Early works to 1800.</subfield>
</datafield>
<datafield tag="650" ind1=" " ind2="0">
<subfield code="a">Metaphysics</subfield>
<subfield code="v">Early works to 1800.</subfield>
</datafield>
<datafield tag="600" ind1="1" ind2="0">
<subfield code="6">880-08</subfield>
<subfield code="a">Sabzavārī, Hādī ibn Mahdī,</subfield>
<subfield code="d">1797 or 8-</subfield>
<subfield code="t">Sharḥ al-manẓūmah fī al-ḥikmah.</subfield>
</datafield>
<datafield tag="630" ind1="0" ind2="7">
<subfield code="a">Sharḥ al-manẓūmah fī al-ḥikmah (Sabzavārī, Hādī ibn Mahdī)</subfield>
<subfield code="2">fast</subfield>
<subfield code="0">(OCoLC)fst01369900</subfield>
</datafield>
<datafield tag="650" ind1=" " ind2="7">
<subfield code="a">Islamic philosophy.</subfield>
<subfield code="2">fast</subfield>
<subfield code="0">(OCoLC)fst01730358</subfield>
</datafield>
<datafield tag="650" ind1=" " ind2="7">
<subfield code="a">Metaphysics.</subfield>
<subfield code="2">fast</subfield>
<subfield code="0">(OCoLC)fst01018304</subfield>
</datafield>
<datafield tag="655" ind1=" " ind2="7">
<subfield code="a">Early works.</subfield>
<subfield code="2">fast</subfield>
<subfield code="0">(OCoLC)fst01411636</subfield>
</datafield>
<datafield tag="700" ind1="1" ind2=" ">
<subfield code="6">880-09</subfield>
<subfield code="a">Muḥaqqiq, Mahdī.</subfield>
</datafield>
<datafield tag="700" ind1="1" ind2=" ">
<subfield code="a">Izutsu, Toshihiko,</subfield>
<subfield code="d">1914-1993.</subfield>
</datafield>
<datafield tag="700" ind1="1" ind2="2">
<subfield code="6">880-10</subfield>
<subfield code="a">Sabzavārī, Hādī ibn Mahdī,</subfield>
<subfield code="d">1797 or 1798-</subfield>
<subfield code="t">Sharḥ al-manẓūmah fī al-ḥikmah.</subfield>
</datafield>
<datafield tag="776" ind1="0" ind2="8">
<subfield code="i">Online version:</subfield>
<subfield code="a">Sabzavārī, Hādī ibn Mahdī, b. 1797 or 8.</subfield>
<subfield code="t">Sharḥ-i Ghurar al-farāʼid maʻrūf bih Sharḥ-i Manẓūmah-ʼi Ḥikmat, qismat-i umūr-i ʻāmmah va jawhar-i ʻarūz̤.</subfield>
<subfield code="d">Tihrān : Dānishgāh-i MakGīl, Muntriāl, Muʼassasah-ʼi Muṭālaʻāt-i Islāmī, Shuʻbah-ʼi Tihrān, 1969</subfield>
<subfield code="w">(OCoLC)643950653</subfield>
</datafield>
<datafield tag="880" ind1="1" ind2=" ">
<subfield code="6">100-01/</subfield>
<subfield code="a">سبزوارى، هادى بن مهدى،</subfield>
<subfield code="d">1797 or 1798-</subfield>
</datafield>
<datafield tag="880" ind1="1" ind2="0">
<subfield code="6">245-02/</subfield>
<subfield code="a">شرح غرر الفرائد معروف به شرح منظومه حكمت، قسمت امور عامه و جوهر و عرض /</subfield>
<subfield code="c">بتصحيح و مقدمۀ و تعليقات مهدى محقق و توشى هيكو ايزوتسو.</subfield>
</datafield>
<datafield tag="880" ind1="3" ind2=" ">
<subfield code="6">246-03/</subfield>
<subfield code="a">شرح منظومۀ حكمت</subfield>
</datafield>
<datafield tag="880" ind1="3" ind2=" ">
<subfield code="6">246-04/</subfield>
<subfield code="a">شرح غرر الفرائد</subfield>
</datafield>
<datafield tag="880" ind1="3" ind2=" ">
<subfield code="6">246-05/</subfield>
<subfield code="a">غرر الفرائد</subfield>
</datafield>
<datafield tag="880" ind1=" " ind2=" ">
<subfield code="6">260-06/</subfield>
<subfield code="a">طهران :</subfield>
<subfield code="b">دانشگاه مك گيل، مونترال، مؤسسۀ مطالعات اسلامى، شعبه طهران،</subfield>
<subfield code="c">1969.</subfield>
</datafield>
<datafield tag="880" ind1="1" ind2=" ">
<subfield code="6">490-07/</subfield>
<subfield code="a">سلسلۀ دانش ايرانى ؛</subfield>
<subfield code="v">1</subfield>
</datafield>
<datafield tag="880" ind1="1" ind2="4">
<subfield code="6">600-08/</subfield>
<subfield code="a">سبزواري، هادي بن مهدي،,</subfield>
<subfield code="d">1797 or 8-</subfield>
<subfield code="t">شرح المنظومة في الحكمة.</subfield>
</datafield>
<datafield tag="880" ind1="1" ind2=" ">
<subfield code="6">700-09/</subfield>
<subfield code="a">محقق، مهدى.</subfield>
</datafield>
<datafield tag="880" ind1="1" ind2="2">
<subfield code="6">700-10/</subfield>
<subfield code="a">سبزواري، هادي بن مهدي،</subfield>
<subfield code="d">1797 or 1798-</subfield>
<subfield code="t">شرح المنظومة في الحكمة.</subfield>
</datafield>
<datafield tag="830" ind1=" " ind2="0">
<subfield code="a">Silsilah-ʼi dānish-i Īrānī</subfield>
<subfield code="6">880-11</subfield>
<subfield code="v">1.</subfield>
</datafield>
<datafield tag="880" ind1=" " ind2="0">
<subfield code="6">830-11/</subfield>
<subfield code="a">سلسلۀ دانش ايرانى ؛</subfield>
<subfield code="v">1.</subfield>
</datafield>
<datafield tag="OWN" ind1=" " ind2=" ">
<subfield code="a">GENERAL</subfield>
</datafield>
<datafield tag="AVA" ind1=" " ind2=" ">
<subfield code="a">NYU50</subfield>
<subfield code="b">BOBST</subfield>
<subfield code="c">Main Collection</subfield>
<subfield code="d">B753 .S2 1969</subfield>
<subfield code="e">unavailable</subfield>
<subfield code="t">Unavailable</subfield>
<subfield code="f">1</subfield>
<subfield code="g">1</subfield>
<subfield code="h">N</subfield>
<subfield code="i">0</subfield>
<subfield code="j">MAIN</subfield>
<subfield code="k">0</subfield>
</datafield>
</record>
